@inproceedings{Nvidia,
  title={Nvidia orin system-on-chip},
  author={Ditty, Michael},
  booktitle={2022 IEEE Hot Chips 34 Symposium (HCS)},
  pages={1--17},
  year={2022},
  organization={IEEE Computer Society}
}

@article{ZED,
  title={Perspectives of realsense and zed depth sensors for robotic vision applications},
  author={Tadic, Vladimir and Toth, Attila and Vizvari, Zoltan and Klincsik, Mihaly and Sari, Zoltan and Sarcevic, Peter and Sarosi, Jozsef and Biro, Istvan},
  journal={Machines},
  volume={10},
  number={3},
  pages={183},
  year={2022},
  publisher={MDPI}
}

@article{lidar,
  title={Lidar system architectures and circuits},
  author={Behroozpour, Behnam and Sandborn, Phillip AM and Wu, Ming C and Boser, Bernhard E},
  journal={IEEE Communications Magazine},
  volume={55},
  number={10},
  pages={135--142},
  year={2017},
  publisher={IEEE}
}

@inproceedings{lidar2,
  title={Automotive LIDAR technology},
  author={Warren, Mial E},
  booktitle={2019 Symposium on VLSI Circuits},
  pages={C254--C255},
  year={2019},
  organization={IEEE}
}

@article{ArUco,
title={Automatic generation and detection of highly reliable fiducial markers under occlusion},
  author={Garrido-Jurado, Sergio and Mu{\~n}oz-Salinas, Rafael and Madrid-Cuevas, Francisco Jos{\'e} and Mar{\'\i}n-Jim{\'e}nez, Manuel Jes{\'u}s},
  journal={Pattern Recognition},
  volume={47},
  number={6},
  pages={2280--2292},
  year={2014},
  publisher={Elsevier}
}

@article{ROS2,
  title={Robot Operating System 2: Design, architecture, and uses in the wild},
  author={Macenski, Steven and Foote, Tully and Gerkey, Brian and Lalancette, Chris and Woodall, William},
  journal={Science robotics},
  volume={7},
  number={66},
  pages={eabm6074},
  year={2022},
  publisher={American Association for the Advancement of Science}
}

@article{RobOpeSys,
  title={Robot Operating System 2: The need for a holistic security approach to robotic architectures},
  author={DiLuoffo, Vincenzo and Michalson, William R and Sunar, Berk},
  journal={International Journal of Advanced Robotic Systems},
  volume={15},
  number={3},
  pages={1729881418770011},
  year={2018},
  publisher={SAGE Publications Sage UK: London, England}
}



@INPROCEEDINGS{LOSAPF,
  author={Plumet, Frédéric and Saoud, Hadi and Minh-Duc Hua},
  booktitle={2013 MTS/IEEE OCEANS - Bergen}, 
  title={Line following for an autonomous sailboat using potential fields method}, 
  year={2013},
  volume={},
  number={},
  pages={1-6},
  keywords={Boats;Robots;Path planning;Navigation;Collision avoidance;Sensors;IEEE Potentials},
  doi={10.1109/OCEANS-Bergen.2013.6607961}
}



@article{algoSMC,
title = {A sliding-mode based controller for trajectory tracking of perturbed Unicycle Mobile Robots},
journal = {Control Engineering Practice},
volume = {102},
pages = {104548},
year = {2020},
author = {Manuel Mera and Héctor Ríos and Edgar A. Martínez}
}


@book{libroRobotica,
author = {Siciliano, Bruno and Sciavicco, Lorenzo and Villani, Luigi and Oriolo, Giuseppe},
title = {Robotics: Modelling, Planning and Control},
year = {2008},
publisher = {Springer Publishing Company, Incorporated},
edition = {1st}
}


@incollection{khatibAPF,
  title={The potential field approach and operational space formulation in robot control},
  author={Khatib, Oussama},
  booktitle={Adaptive and Learning Systems: Theory and Applications},
  pages={367--377},
  year={1986},
}

 @article{opencv_library,
    author = {Bradski, G.},
    citeulike-article-id = {2236121},
    journal = {Dr. Dobb's Journal of Software Tools},
    keywords = {bibtex-import},
    posted-at = {2008-01-15 19:21:54},
    priority = {4},
    title = {{The OpenCV Library}},
    year = {2000}
} 

@book{multiple_view,
  added-at = {2012-09-23T11:04:02.000+0200},
  address = {New York, NY, USA},
  author = {Hartley, Richard and Zisserman, Andrew},
  biburl = {https://www.bibsonomy.org/bibtex/24867b22ef159cc28fc1bbe1476a0ec57/daill},
  description = {Multiple View Geometry in Computer Vision},
  edition = 2,
  interhash = {7894893cb1baf364de16c2d27541e4c4},
  intrahash = {4867b22ef159cc28fc1bbe1476a0ec57},
  isbn = {0521540518},
  keywords = {geometry multiple view zisserman},
  publisher = {Cambridge University Press},
  timestamp = {2012-09-23T11:04:02.000+0200},
  title = {Multiple View Geometry in Computer Vision},
  year = 2003
}

@article{infinitesimal,
  title={Infinitesimal plane-based pose estimation},
  author={Collins, Toby and Bartoli, Adrien},
  journal={International journal of computer vision},
  volume={109},
  number={3},
  pages={252--286},
  year={2014},
  publisher={Springer}
}

@article{marchand2015pose,
  title={Pose estimation for augmented reality: a hands-on survey},
  author={Marchand, Eric and Uchiyama, Hideaki and Spindler, Fabien},
  journal={IEEE transactions on visualization and computer graphics},
  volume={22},
  number={12},
  pages={2633--2651},
  year={2015},
  publisher={IEEE}
}

@article{SMCOriginal,
  title={Variable structure systems with sliding modes},
  author={Utkin, Vadim},
  journal={IEEE Transactions on Automatic control},
  volume={22},
  number={2},
  pages={212--222},
  year={1977},
  publisher={IEEE}
}

@INPROCEEDINGS{Filtrocompelmentare,
  author={Peña, Fernando López and Deibe, A. and Priego, Blanca and González, Marcos Míguez},
  booktitle={2015 IEEE 8th International Conference on Intelligent Data Acquisition and Advanced Computing Systems: Technology and Applications (IDAACS)}, 
  title={A speed control strategy for an autonomous ship model for towing tank testing}, 
  year={2015},
  }